<?xml version="1.0" encoding="UTF-8"?>
<collection xmlns="http://www.loc.gov/MARC21/slim" xmlns:xsi="http://www.w3.org/2001/XMLSchema-instance" xmlns:marc="http://www.loc.gov/MARC21/slim" xsi:schemaLocation="http://www.loc.gov/MARC21/slim http://www.loc.gov/standards/marcxml/schema/MARC21slim.xsd">
   <record>
      <marc:leader>01448cas a2200337uu 4500</marc:leader>
      <marc:controlfield tag="001">560596</marc:controlfield>
      <marc:controlfield tag="005">20140602103709.0</marc:controlfield>
      <marc:controlfield tag="008">890320d19131914nju ||        0   b0eng  </marc:controlfield>
      <marc:datafield tag="035" ind1=" " ind2=" ">
         <marc:subfield code="a">(OCoLC)29655678</marc:subfield>
      </marc:datafield>
      <marc:datafield tag="035" ind1=" " ind2=" ">
         <marc:subfield code="a">(CStRLIN)NJPG89-S1862</marc:subfield>
      </marc:datafield>
      <marc:datafield tag="035" ind1=" " ind2=" ">
         <marc:subfield code="9">ACP6529TS</marc:subfield>
      </marc:datafield>
      <marc:datafield tag="040" ind1=" " ind2=" ">
         <marc:subfield code="a">NjP</marc:subfield>
         <marc:subfield code="c">NjP</marc:subfield>
      </marc:datafield>
      <marc:datafield tag="245" ind1="0" ind2="4">
         <marc:subfield code="a">The Glebe.</marc:subfield>
      </marc:datafield>
      <marc:datafield tag="260" ind1=" " ind2=" ">
         <marc:subfield code="a">Ridgefield, N.J. :</marc:subfield>
         <marc:subfield code="b">The Glebe</marc:subfield>
      </marc:datafield>
      <marc:datafield tag="300" ind1=" " ind2=" ">
         <marc:subfield code="a">2 v.</marc:subfield>
         <marc:subfield code="c">19 cm.</marc:subfield>
      </marc:datafield>
      <marc:datafield tag="362" ind1="0" ind2=" ">
         <marc:subfield code="a">v. 1-2, no. 4; 1913-1914.</marc:subfield>
      </marc:datafield>
      <marc:datafield tag="500" ind1=" " ind2=" ">
         <marc:subfield code="a">Description based on: Vol. 1, no. 1 (Sept. 1913).</marc:subfield>
      </marc:datafield>
      <marc:datafield tag="500" ind1=" " ind2=" ">
         <marc:subfield code="a">Each issue devoted to separate work.</marc:subfield>
      </marc:datafield>
      <marc:datafield tag="500" ind1=" " ind2=" ">
         <marc:subfield code="a">Editor: Alfred Kreymborg.</marc:subfield>
      </marc:datafield>
      <marc:datafield tag="510" ind1="4" ind2=" ">
         <marc:subfield code="a">Hoffman, F.J. Little magazine,</marc:subfield>
         <marc:subfield code="c">p. 243</marc:subfield>
      </marc:datafield>
      <marc:datafield tag="510" ind1="0" ind2=" ">
         <marc:subfield code="a">Index to American little magazines</marc:subfield>
      </marc:datafield>
      <marc:datafield tag="510" ind1="0" ind2=" ">
         <marc:subfield code="a">Complete index to English language little magazines</marc:subfield>
      </marc:datafield>
      <marc:datafield tag="500" ind1=" " ind2=" ">
         <marc:subfield code="a">1:1. Wolff, Adolf. Songs, sighs and curses. 1913.--1:3. Demuth, Charles, 1883- The azure adder. New York, 1913.--1:5. Des imagistes: an anthology.--2:1. Traubel, Horace. Collects. New York, 1914.--2:2 Cronyn, G.W. Poems. New York, 1914.</marc:subfield>
      </marc:datafield>
      <marc:datafield tag="550" ind1=" " ind2=" ">
         <marc:subfield code="a">Imprint varies. Sept. 1913-     Ridgefield, N.J. : The Glebe -- Nov. 1913-Oct. 1914, New York : A. and C. Boni.</marc:subfield>
      </marc:datafield>
      <datafield tag="599" ind1=" " ind2=" ">
         <subfield code="a">ark:/88435/xw42nb573</subfield>
         <subfield code="b">bmtnaat_1914-01_01</subfield>
         <subfield code="v">vol.1,no.4 1914-01</subfield>
      </datafield>
      <marc:datafield tag="650" ind1=" " ind2="0">
         <marc:subfield code="a">American literature</marc:subfield>
         <marc:subfield code="x">Periodicals.</marc:subfield>
      </marc:datafield>
      <marc:datafield tag="655" ind1=" " ind2="7">
         <marc:subfield code="a">Little magazines</marc:subfield>
         <marc:subfield code="2">rbgenr</marc:subfield>
      </marc:datafield>
      <marc:datafield tag="700" ind1="1" ind2=" ">
         <marc:subfield code="a">Kreymborg, Alfred,</marc:subfield>
         <marc:subfield code="d">1883-1966.</marc:subfield>
      </marc:datafield>
      <marc:datafield tag="856" ind1="4" ind2="1">
         <marc:subfield code="u">http://arks.princeton.edu/ark:/88435/g445cf52q</marc:subfield>
      </marc:datafield>
      <marc:datafield tag="998" ind1=" " ind2=" ">
         <marc:subfield code="a">03/20/89</marc:subfield>
         <marc:subfield code="s">9994</marc:subfield>
         <marc:subfield code="n">NjP</marc:subfield>
         <marc:subfield code="w">NJPG89S1862</marc:subfield>
         <marc:subfield code="d">03/20/89</marc:subfield>
         <marc:subfield code="c">IG</marc:subfield>
         <marc:subfield code="b">IG</marc:subfield>
         <marc:subfield code="i">890320</marc:subfield>
         <marc:subfield code="l">NJPG</marc:subfield>
      </marc:datafield>
      <marc:datafield tag="911" ind1=" " ind2=" ">
         <marc:subfield code="a">19921028</marc:subfield>
      </marc:datafield>
      <marc:datafield tag="912" ind1=" " ind2=" ">
         <marc:subfield code="a">19900427000000.0</marc:subfield>
      </marc:datafield>
   </record>
</collection>
